@misc{Wiki,
       author = "Open forum",
       title = "www.wikipedia.com",},

@misc{google,
       author = "Open forum",
       title = "www.google.com",},

@misc{nrich,
       auTHor = "Nrich Math",
       Title = "Not So Simple Pendulum",}

